% -----------------------------
%	Master Thesis Bibliography
%	http://en.wikibooks.org/wiki/LaTeX/Bibliography_Management
% -----------------------------

%------------------------------
% SBRT
%------------------------------
@article{art:EVM_wide-band,
	author =	"Vincent J. Urick and Joe X. Qiu and Frank Bucholtz",
	title =		"Wide-band QAM-over-fiber using phase modulation and interferometric demodulation",
	journal =	"IEEE Photonics Technology Letters, Vol. 16, No. 10, OCTOBER 2004",
	pages =     {2374-2376},
	year =		"2004",
}

@article{art:EVM_OFDM,
	author =	"Chunming Zhao and Robert J. Baxley",
	title =		"Error Vector Magnitude Analysis for OFDM Systems",
	journal =	" Signals, Systems and Computers, 2006. ACSSC '06. Fortieth Asilomar Conference",
	pages =     {1830-1834},
	year =		"2006",
}

@article{art:EVM_Calc_Broadband,
	author =	"Michael D. McKinley1 and Kate A. Remley1 and Maciej Myslinski2 and J. Stevenson Kenney3 and Dominique Schreurs2 and Bart Nauwelaers",
	title =		"EVM Calculation for Broadband Modulated Signals",
	journal =	"64th ARFTG Conf. Dig., Orlando, FL",
	pages =       {45-52},
	year =		"2004",
}

@article{art:EVM_BER_SNR,
	author =	"Rishad Ahmed Shafik and Md. Shahriar Rahman and AHM Razibul Islam",
	title =		"On the Extended Relationships Among EVM, BER and SNR as Performance Metrics",
	journal =	"4th International Conference on Electrical and Computer Engineering",
	pages =     {19-21},
	year =		"2006",
}

%------------------------------
% BRICS
%------------------------------

@article{art:brics_thiago,
	author =	"Thiago M. de Almeida and Reginaldo B. Nunes and Helder R. de O. Rocha and Marcelo E. V. Segatto and and Jair A. L. Silva",
	title =		"Performance Optimization of DDO-OFDM Systems Through Genetic Algorithms",
	journal =	"BRICS Countries Congress",
	year =		"2013",
}

@article{art:jmo_thiago,
	author =	"Helder R. de O. Rocha and Thiago M. de Almeida and Marcelo E. V. Segatto and Jair A. L. Silva",
	title =		"Mono-Objective Optimization for Direct Detection Optical OFDM Transmissions in Short-Range Links",
	journal =	"Journal of Microwaves, Optoeletronics and Eletromagnetic Applications",
	year =		"2013",
}

@article{art:jmo_OFDMA_6,
	author =	"Konstantinos Kanonakis and Ioannis Tomkos",
	title =		"An OFDMA-Based Optical Access Network Architecture Exhibiting Ultra-High Capacity and Wireline-Wireless Convergence",
	journal =	"IEEE, Communications Magazine",
	year =		"2012",
}



@book{book:metaheurisca,
    author    = "Johann Dreo and Alain Petrowski and Eric Taillard",
    title     = "Metaheuristics for Hard Optimization: methods and Case Studies",
    publisher = "Springer",
    year      = "2003",
    isbn      = "13 978-3-540-23022-9"
}


%------------------------------
% JMO Paper
%------------------------------

@article{art:peng,
  author =      {Wei-Ren Peng and Bo Zhang and Kai-Ming Feng and Xiaoxia Wu and Alan E. Willner and Sien Chi},
  title =       {Spectrally Efficient Direct-Detected OFDM Transmission Incorporating a Tunable Frequency Gap and an Iterative Detection Techniques},
  journal =     {LIGHTWAVE TECHNOLOGY},
  pages =       {5723-5735},
  year =         {2009},
}

@article{art:zbigniew_15,
  author =      {Zbigniew Michalewicz and Marc Schoenauery},
  title =       {Evolutionary Algorithms for Constrained Parameter Optimization Problems},
  journal =     {Evolutionary Computation},
  pages =       {1-32},
  year =        {1996},
}

@book{book_metaheurisca,
    author    = "Johann Dreo and Alain Petrowski and Eric Taillard",
    title     = "Metaheuristics for Hard Optimization: methods and Case Studies",
    publisher = "Springer",
    year      = "2003",
    isbn      = "13 978-3-540-23022-9"
}



%------------------------------
% OFDM Optico
%------------------------------

@article{art:capacity_fiber,
	author =	"René-Jean Essiambre and Gerhard Kramer and Peter J. Winzer and Gerard J. Foschini and Bernhard Goebel",
	title =		"Capacity Limits of Optical Fiber Networks",
	journal =	"Journal of Lightwave Technology, Vol 28, No 4",
	pages =     {662-701},
	year =		"2010",
	month = 	"February 15",
}

@book{Book:DigiComm_Proak,
    author    = "John Proakis, Masoud Salehi",
    title     = "Digital Communications",
    publisher = "McGraw-Hill Science Engineering Math",
    edition   = "5th Edition",
    year      = "2007",
    isbn      = "0072957166, 9780072957167"
}

@mastersthesis{MT:Filipe,
    author    = "Filipe Manuel Wiener Ferro de Carvalho",
    title     = "Optical core networks using OFDM signals",
    school    = "Universidade Técnica de Lisboa",
   	type     = {mathesis},
    year      = "2009",
    month    = "Novembro",
}

@book{Book:Erbium,
    author    = "P.C. Becker and N.A. Olsson",
    title     = "Erbium-Doped Fiber Amplifiers: Fundamentals and Technology",
    publisher = "Academic Press",
    year      = "1999",
    isbn      = "0-12-084590-3"
}

@book{Book:DSP_Mitra,
    author    = "Sanjit K. Mitra",
    title     = "Digital Signal Processing: A Computer-Based Approach",
    publisher = "McGraw-Hill Science Engineering Math",
    edition   = "Second Edition",
    year      = "2001",
    isbn      = "072513780, 9780072513783"
}

@article{art:MZM_powerEq,
	author =	"Tiago Alves and Maria Morant and Adolfo Cartaxo and Roberto Llorente",
	title =		"Performance Comparison of OFDM-UWB Radio Signals Distribution in Long-Reach PONs Using Mach-Zehnder and Linearized Modulators",
	journal =	"IEEE Journal on Selected Areas in Communications, VOL. 29, NO. 6",
	pages =     {1311-1320},
	year =		"2011",
}

@book{Senior_Book,
    author    = "John M. Senior",
    title     = "Optical Fiber Communications Systems : Principles and Practice",
    publisher = "PEARSON Prentice Hall",
    edition   = "Third Edition",
    year      = "2009",
    isbn      = "978-0-13-032681-2"
}

@book{Binh_FiberBook,
    author    = "Le Nguyen Binh",
    title     = "Optical Fiber Communications Systems : Theory and Practice with MATLAB and Simulink Models",
    publisher = "CRC Press",
    year      = "2010",
}

@book{Binh_DigCommBook,
	author    = "Le Nguyen Binh",
	title     = "Digital Optical Communications",
	publisher = "CRC Press",
	year      = "2009",
	isbn      = "978-1-4200-8205-0",
}


%------------------------------
% OFDM Optico
%------------------------------

@book{Hanzo_Book,
 author = {L. Hanzo and W.T. Webb and T. Keller},
 title = {Single- and Multi-carrier Quadrature Amplitude Modulation : Principles and Applications for Personal Communications, WLANs and Broadcasting},
 year = {2000},
 isbn = {0471492396},
 publisher = {John Wiley and Sons},
 address = {Baffins Lane, England},
 }

@book{Nee_Book,
 author = {R. Van Nee and R. Prasad},
 title = {{OFDM} for Wireless Multimedia Communications},
 year = {2000},
 isbn = {0890065306},
 publisher = {Artech House},
 }

@book{Prasad_Book,
 author = {S. Hara and R. Prasad},
 title = {Multicarrier Techniques for 4G Mobile Communications},
 year = {2003},
 isbn = {1580534821},
 publisher = {Artech House},
 }

@book{Wimax_Book,
 author = {J. G. Andrews and A. Ghosh and R. Muhamed},
 title = {Fundamentals of WiMAX: Understanding Broadband Wireless Networking},
 year = {2007},
 isbn = {0132225522},
 publisher = {Prentice Hall},
 }

@MASTERSTHESIS{Dissert_Jair,
  author =       {J. L. Silva},
  title =        {An\'alise de Desempenho de um Sistema {COFDM} para Comunica\c{c}\~ao via Rede El\'etrica},
  school =       {Universidade Federal do Espírito Santo},
  year =         {2006},
  type =         {Dissertação de Mestrado},
  address =      {Vitória, ES, Brasil},
}

@article{Shieh,
  author =      {W. Shieh and C. Athaudage},
  title =       {Coherent optical orthogonal frequency division multiplexing},
  journal =     {Electron. Lett},
  pages =       {587-589},
  year =         {2006},
}


@article{Djordjevic06_1,
  author =      {I. B. Djordjevic and B. Vasic},
  title =       {Orthogonal frequency division multiplexing for high-speed optical transmission},
  journal =     {Optics Express},
  pages =       {3767-3775},
  year =        {2006},
}


@article{LoweryOFC07,
  author =      {A. J. Lowery and J. Armstrong},
  title =       {Orthogonal-frequency-division multiplexing for optical dispersion compensation},
  journal =     {Proceedings of Opt. Fiber Commun. Conf.},
  year =        {2007},
}


@article{JansenOFC07,
  author =      {S. L. Jansen and I. Morita and N. Takeda and H. Tanaka},
  title =       {{20-Gb/s} {OFDM} transmission over {4160-km} {SSMF} enabled by {RF}-pilot tone phase noise
  compensation},
  journal =     {Proceedings of Opt. Fiber Commun. Conf.},
  year =        {2007},
}

@article{PAPR_compara,
  author =      {S. H. Han and J. H. Lee},
  title =       {An Overview of Peak-To-Average Power Ratio Reduction Techniques for Multicarrier Transmission},
  journal =     {IEEE Wireless Communications},
  year =        {2005},
}

@MASTERSTHESIS{Tese_Stanford,
  author =       {J. Tellado},
  title =        {Peak to Average Power Reduction for Multicarrier Modulation},
  school =       {Stanford University},
  year =         {2000},
}

@article{Rosenkranz08,
  author =      {A. Ali and J. Leibrich and W. Rosenkranz},
  title =       {Spectrally efficient {OFDM}-transmission over single-mode fiber using direct detection},
  journal =     {Proceedings of the 13th International OFDM-Workshop},
  pages =       {1-5},
  year =        {2008},
}

@ARTICLE{PAPR_clipping,
  AUTHOR =      {J. Armstrong},
  TITLE =       {Peak-to-average power reduction for {OFDM} by repeated clipping and frequency domain filtering},
  JOURNAL =     {IEE Electron. Lett.},
  YEAR =        {2002},
  pages =       {246-247},
}

@article{PAPR_coding,
  author =      {A. E. Jones and T. A. Wilkinson and S. K. Barton},
  title =       {Block coding Schemes for Reduction of Peak to Mean Evelope Power Ratio of Multicarrier Transmission Scheme},
  journal =     {Elect. Lett.},
  pages =       {2098--99},
  year =        {1994},
}

@article{PAPR_pre_distorcao,
  author =      {A. N. D'Andrea and V. Lottici and R. Reggiannini},
  title =       {Nonlinear predistortion of {OFDM} signals over frequency-selective fading channels},
  journal =     {IEEE Trans. Commun.},
  pages =       {837--43},
  year =        {2001},
}

@article{PAPR_interleaving,
  author =      {A. D. S. Jayalath and C. Tellambura},
  title =       {Reducing the Peak-to-Average Power Ratio of Orthogonal Frequency Division Multiplexing Signal through
                 Bit or Symbol Interleaving},
  journal =     {IEE Elect. Lett.},
  pages =       {1161--63},
  year =        {2000},
}

@article{PAPR_ACT,
  author =      {B. S. Krongold and D. L. Jones},
  title =       {{PAPR} Reduction in {OFDM} via Active Constelation Extension},
  journal =     {IEEE Trans. Broadcast.},
  pages =       {258--68},
  year =        {2003},
}

@article{CE_OFDM_STEVE1,
  author =      {S. C. Thompson and J. G. Proakis and J. R. Zeidler},
  title =       {Contant envelope binary {OFDM} phase modulation},
  journal =     {IEEE Milcom},
  pages =       {621--26},
  year =        {2003},
}

@article{CE_OFDM_STEVE2,
  author =      {S. C. Thompson and A. U. Ahmed and J. G. Proakis and J. R. Zeidler},
  title =       {Contant envelope binary {OFDM} phase modulation: Spectral Containment, signal space properties and performance},
  journal =     {IEEE Milcom},
  pages =       {1129--1135},
  year =        {2004},
}

@MASTERSTHESIS{Tese_Steve_California,
  author =       {Steve C. Thompson},
  title =        {Constant Envelope {OFDM} Phase Modulation},
  school =       {University of California},
  year =         {2005},
}


@article{CE_OFDM_STEVE,
  author =      {S. C. Thompson and A. U. Ahmed and J. G. Proakis and J. R. Zeidler and M. J. Geile},
  title =       {Constant Envelope {OFDM}},
  journal =     {IEEE Transactions on Communications},
  year =        {2008},
}


@article{PAPR_analise_estatist,
  author =      {H. Ochiai and H. Imai},
  title =       {On the Distribution of Peak-to-Average Power Ratio in {OFDM} Signals},
  journal =     {IEEE Transactions on Communi},
  pages =       {282--89},
  year =        {2001},
}


@article{PAPR_Van_Nee,
  author =      {R. van Nee and A. de Wild},
  title =       {Reducing the Peak-to-Average Power Ratio of {OFDM}},
  journal =     {IEEE VTC},
  pages =       {2072--76},
  year =        {1998},
}


@book{OOFDM_Book,
 author = {W. Shieh and I. Djordjevic},
 title = {Orthogonal Frequency Division Multiplexing  for Optical Communications},
 year = {2010},
 isbn = {978-0-12-374879-9},
 publisher = {Elsevier},
 }

@book{Modulacao_Fase_Optica_Book,
 author = {Keang-Po Ho},
 title = {Phase-Modulated Optical Communication Systems},
 year = {2005},
 isbn = {978-0387-24392-4},
 publisher = {Springer},
 }


@article{LoweryJLT08,
  author =      {B. J. C. Schmidt and A. J. Lowery and J. Armstrong},
  title =       {Experimental Demonstrations of Electronic Dispersion Compensation for Long-Haul Transmission
                 Using Direct-Detection Optical {OFDM}},
  journal =     {IEEE Journal of Lightwave Technology},
  volume =       {26},
  number =       {1},
  year =        {2008},
}


@article{JansenJLT08,
  author =      {S. L. Jansen and I. Morita and T. C. W. Schenk and N. Takeda and H. Tanaka},
  title =       {Coherent Optical {25.8-Gb/s} {OFDM} transmission Over {4160-km} {SSMF}},
  journal =     {IEEE Journal of Lightwave Technology},
  volume =       {26},
  number =       {1},
  year =        {2008},
}

@article{WilnnerJLT09_01,
  author =      {W. Peng and X. Wui and V. Arbab and K. Feng and B. Shamee and L. Christen and
                 J. Yang and A. Willner and S. Chi},
  title =       {Theoretical and Experimental Investigations of Direct-Detected {RF}-Tone-Assisted Optical {OFDM} Systems},
  journal =     {IEEE Journal of Lightwave Technology},
  volume =       {27},
  number =       {10},
  year =        {2009},
}

@article{WilnnerJLT09_02,
author = {Wei-Ren, Peng and Xiaoxia, Wu and Arbab, V.R. and Kai-Ming, Feng and Shamee, B. and Christen, L.C. and Jeng-Yuan, Yang and Willner, A.E. and Sien, Chi},
journal = {Journal of Lightwave Technology},
number = {10},
pages = {1332--1339},
title = {Theoretical and Experimental Investigations of Direct-Detected {RF}-Tone-Assisted Optical {OFDM} Systems},
volume = {27},
year = {2009}
}

@article{WilnnerJLT09_0,
author = {Wei-Ren, Peng and Xiaoxia, Wu and Arbab, V.R. and Kai-Ming, Feng and Shamee, B. and Christen, L.C. and Jeng-Yuan, Yang and Willner, A.E. and Sien, Chi},
journal = {Journal of Lightwave Technology},
number = {10},
pages = {1332--1339},
title = {Theoretical and Experimental Investigations of Direct-Detected {RF}-Tone-Assisted Optical {OFDM} Systems},
volume = {27},
year = {2009}
}

@article{JairPNC09,
  author =      {D. J. C. Coura and J. A. L. Silva and M. E. V. Segatto},
  title =       {A bandwidth scalabel {OFDM} passive optical network for future access network},
  journal =     {Photon Netw Commun},
  year =        {2009},
}


@article{JansenJLT09,
  author =      {S. L. Jansen and I.Morita and T. C. W. Schenk and H.Tanaka},
  title =       {{121.9-Gb/s} {PDM-OFDM} transmission With {2-b/s/Hz} Spectral Efficiency Over {1000-km} of {SSMF}},
  journal =     {IEEE Journal of Lightwave Technology},
  volume =       {27},
  number =       {3},
  year =        {2009},
}


@article{LoweryOFC09,
  author =      {B. J. C. Schmidt and Z. Zan and L. B. Du and A. J. Lowery},
  title =       {{100 Gbit/s} Transmission using Single-Band Direct-Detection Optical OFDM},
  journal =     {Proceedings of Opt. Fiber Commun. Conf. Paper PDPC3},
  year =        {2009},
}


@article{Rosenkranz09,
  author =      {J. Leibrich and A. Ali and H. Paul and W. Rosenkranz and K. Kammeyer},
  title =       {Impact of Modulator Bias on the {OSNR} Requirement of Direct-Detection Optical {OFDM}},
  journal =     {IEEE Photonics Technology Letters},
  volume =       {21},
  number =       {15},
  year =        {2009},
}

@article{POL_OPTICA_Rosenkranz10,
  author =      {A. Ali and H. Paul and J. Leibrich and W. Rosenkranz and K. Kammeyer},
  title =       {Optical Biasing in Direct Detection Optical-{OFDM} for Improving Receiver Sensitivity},
  journal =     {OFC},
  year =        {2010},
}


@article{ASE_Lowery,
  author =      {A. J. Lowery},
  title =       {Amplified-spontaneous noise limit of optical {OFDM} ligtwave systems},
  journal =     {Optics Express},
  volume =       {16},
  year =        {2008},
}


@article{JansenOFT09,
  author =      {S. L. Jansen and B. Spinnler and I.Morita and S. Randel and H.Tanaka},
  title =       {{100GBE:} {QPSK} versus {OFDM}},
  journal =     {Optical Fiber Technology},
  year =        {2009},
}


@article{BarrosJLT08,
  author =      {D. J. F. Barros and J. M. Kahn},
  title =       {Optimized Dispersion Compensation Using Orthogonal Frequency-Division Multiplexing},
  journal =     {IEEE Journal of Lightwave Technology},
  volume =       {26},
  number =       {16},
  year =        {2008},
}


@article{BarrosJLT10,
  author =      {D. J. F. Barros and J. M. Kahn},
  title =       {Comparision of Orthogonal Frequency-Division Multiplexing and On-Off
  Keying in Amplified Direct-Detection Single-Mode Fiber Systems},
  journal =     {IEEE Journal of Lightwave Technology},
  volume =       {28},
  number =       {12},
  year =        {2010},
}


@book{Kaminow_Book,
 author = {I. P. Kaminow and T. Li and A. E. Willner},
 title = {Optical Fiber Telecommunications V B: Systems and Networks},
 year = {2008},
 isbn = {978-0-12-374172-1},
 publisher = {Elsevier},
 }





@article{Jair_SPPCOM,
  author =      {Jair A. L. Silva and Tiago Alves and Adolfo Cartaxo and Marcelo E. V. Segatto},
  title =       {Experimental Demonstration of a Direct-Detection Optical Cons\-tant Envelope {OFDM} system},
  journal =     {SPPCOM Signal Processing Photonic Communication},
  year =        {2010},
}

@article{jair_SBRT09,
  author =      {Jair A. L. Silva and Bernardo L. Valentim and Marcelo E. V. Segatto},
  title =       {Avaliação de Efeitos Não Lineares em Sistemas {OFDM} pela figura de Mérito {EVM}},
  journal =     {XXVII Simpósio Barsileiro de Telecomunicações - SBrT 2009},
  year =        {2009},
  month =       {Setembro},
}

@article{Goebel09,
  author =      {B. Goebel and S. Hellerbrand and H. Norman and N. Hanik},
  title =       {{PAPR} Reduction Techniques for Coherent Optical {OFDM} Transmission},
  journal =     {ICTON International Conference on Transparent Optical Networks},
  year =        {2009},
}

@article{Goebel10,
  author =      {B. Goebel and S. Hellerbrand and N. Hanik},
  title =       {Link-aware Precoding for Nonlinear Optical {OFDM} Transmission},
  journal =     {OFC/NFOEC Optical Fiber Communication/National Fiber Optic Engineers Conference OFC/NFOEC},
  year =        {2010},
  publisher =   {OSA Optical Society of America},
}


%------------------------------
% OFDM
%------------------------------


@article{Kineplex,
  author =      {M. L. Doelz and E. T. Heald and D. L. Martin},
  title =       {Binary data transmission techniques for linear systems},
  journal =     {Proc. IRE},
  pages =       {656-661},
  year =        {1957},
  month =       {Maio},
}

@article{Chang_1966,
  author =      {R. W. Chang},
  title =       {Synthesis of band-limited orthogonal signals for multichannel data transmission},
  journal =     {Bell Syst. Tech. J.},
  volume =      {45},
  pages =       {1775-1796},
  year =        {1966},
  month =       {Dezembro},
}

@article{Saltzberg_1967,
  author =      {B. R. Saltzberg},
  title =       {Performance of an efficient parallel data transmission system},
  journal =     {IEEE Trans. Commun. Technol.},
  volume =      {COM-15},
  pages =       {805-811},
  year =        {1967},
  month =       {Dezembro},
}

@article{Chang_1968,
  author =      {R. W. Chang and R. A. Gibby},
  title =       {A theoretical study of performance of an orthogonal multiplexing data transmission scheme},
  journal =     {IEEE Trans. Commun. Technol.},
  volume =      {COM-16},
  pages =       {529-540},
  year =        {1968},
  month =       {Agosto},
}

@article{Weinstein_Ebert_1971,
  author =      {S. B. Weinstein and P. M. Ebert},
  title =       {Data Transmission by frequêncy-division multiplexing using discrete {Fourier} transform},
  journal =     {IEEE Trans. Commun. Technol.},
  volume =      {COM-19},
  number =       {5},
  pages =       {628-634},
  year =        {1971},
  month =       {Outubro},
}

@article{Peled_Ruiz_1980,
  author =      {A. Peled and A. Ruiz},
  title =       {Frequency domain data transmission using reduced computational complexity algorithms},
  journal =     {IEEE International Conference on ICASSP '80.},
  volume =      {5},
  pages =       {964-967},
  year =        {1980},
  month =       {Abril},
}

@article{Hirosaki_1980,
  author =      {B. Hirosaki},
  title =       {An analysis of automatic equalizers for orthogonally multiplexed {QAM} systems},
  journal =     {IEEE Trans. Commun. Technol.},
  volume =      {COM-28},
  pages =       {73-83},
  year =        {1980},
  month =       {Janeiro},
}

@article{Hirosaki_1981,
  author =      {B. Hirosaki},
  title =       {An orthogonally multiplexed {QAM} system using the discrete {Fourier} transform},
  journal =     {IEEE Trans. Commun.},
  volume =      {COM-29},
  number =       {7},
  pages =       {982-989},
  year =        {1981},
  month =       {Julho},
}

@article{Cimini_1985,
  author =      {L. Jr. Cimini},
  title =       {Analysis and Simulation of a Digital Mobile Channel Using Orthogonal Frequency Division Multiplexing},
  journal =     {IEEE Trans. Commun.},
  volume =      {COM-33},
  number =       {37},
  pages =       {665-675},
  year =        {1985},
  month =       {Julho},
}

@book{Multicarrier_4G,
 author = {Shinsuke Hara and Ramjee Prasad},
 title = {Multicarrier Techniques for 4G Mobile Communications},
 year = {2003},
 isbn = {1580534821},
 publisher = {Artech House, Inc.},
 address = {Norwood, MA, USA},
 }

@book{Single_Multicarrier_QAM,
 author = {L. Hanzo and W.T. Webb and T. Keller},
 title = {Single- and Multi-carrier Quadrature Amplitude Modulation : Principles and Applications for Personal Communications, WLANs and Broadcasting},
 year = {2000},
 isbn = {0471492396},
 publisher = {John Wiley and Sons},
 address = {Baffins Lane, England},
 }

@article{John_Bingham_1990,
  author =      {J. A. C. Bingham},
  title =       {Multicarrier modulation for data transmission: an idea whose time has come},
  journal =     {IEEE Commun. Mag.},
  volume =      {28},
  number =       {5},
  pages =       {5-14},
  year =        {1990},
  month =       {Maio},
}

 @article{Citenel_2003,
  author =      {J. L. Silva and T. M Siqueira and B. N. Souza and L. F. Rocha and C. J. Munaro and E. O. T. Salles and M. E. V. Segatto and H. G. Tostes},
  title =       {Técnica {OFDM} Aplicada a Power Line Communications},
  journal =     {II Citenel.},
  volume =      {2},
  pages =       {1071-1074},
  year =        {2003},
  month =       {Novembro},
}

@MASTERSTHESIS{Tadeu,
  AUTHOR =       {T. L. Dezan},
  TITLE =        {Comparação das Técnicas de Modulação Multiportadoras aplicadas às Comunicações via Rede Elétrica},
  SCHOOL =       {Universidade Federal do Espírito Santo},
  YEAR =         {2004},
  type =         {Dissertação (Mestrado)},
  address =      {Vitória, ES, Brasil},
  month =        {Março},
}

@UNPUBLISHED{Cioffi_notas_aula,
  AUTHOR =       {J. M. Cioffi},
  TITLE =        {Digital Communications, Chapter 4: Multichannel Modulation},
  NOTE =         {Notas de aula não publicadas. Disponível em http://www.stanford.edu/class/ee379c/, Acesso em 08/08/2006},
  YEAR =         {2003},
}

@UNPUBLISHED{Klenner_notas_aula_Bremen,
  AUTHOR =       {P. Klenner},
  TITLE =        {Communications technology laboratory, The {OFDM} multi carrier system},
  NOTE =         {Notas de aula não publicadas. Disponível em http://www.ant.uni-bremen.de/whomes/klenner/ Acesso em 08/08/2006},
  YEAR =         {2004},
}

@article{Ernesto_Pinto,
  author =      {E. L. Pinto and C. P. Albuquerque},
  title =       {A técnica de transmissão {OFDM}},
  journal =     {Revista Científica Periódica - Telecomunicações},
  volume =      {5},
  number =      {1},
  year =        {2002},
  month =       {Junho},
}

@book{Processamento_sinais_Diniz,
 author = {P. S. R. Diniz and E. A. B. Silva and S. L. Netto},
 title = {Processamento Digital de Sinais},
 year = {2004},
 isbn = {8536304189},
 publisher = {Bookman},
 address = {Porto Alegre, Brasil},
 }

@book{Proakis_terceira_edicao,
 author = {J. G. Proakis},
 title = {Digital Communication},
 year = {1995},
 isbn = {0070517266},
 publisher = {McGraw-Hill, Inc.},
 address = {Singapore},
 }

@article{Cioffi_artigo,
  author =      {A. Ruiz and J. M. Cioffi and S. Kasturia},
  title =       {Discrete Multiple Tone Modulation with Coset Coding for the Spectrally Shaped Channel},
  journal =     {IEEE Trans. Commun.},
  volume =      {40},
  number =      {6},
  pages =       {1012-1029},
  year =        {1992},
  month =       {Junho},
}

@book{Haykin,
 author = {S. Haykin},
 title = {Digital Communication},
 year = {1988},
 isbn = {0471629472},
 publisher = {John Wiley and Sons},
 address = {Singapore},
 }

@UNPUBLISHED{Tonny,
  AUTHOR =       {Tonny Matos Siqueira},
  TITLE =        {Implementação de um modem {OFDM} em {FPGA}},
  NOTE =       {Projeto de Graduação - Universidade Federal do Espírito Santo},
  YEAR =         {2004},
}


%------------------------------
% TCM
%------------------------------

@book{TCM,
 author = {S. Lin and D. J. Costello Jr.},
 title = {Error Control Coding},
 year = {2004},
 isbn = {0-13-042672-5},
 publisher = {Prentice Hall},
 address = {New Jersey},
 edition =      {$2^{a}$ Edição},
 }

 @article{Ungerboeck1,
  author =      {G. Ungerboeck},
  title =       {Channel Coding with Multilevel/Phase Signals},
  journal =     {IEEE Transactions on Information Theory},
  volume =      {IT-28},
  pages =       {55-67},
  year =        {1982},
  month =       {Janeiro},
}

 @article{Ungerboeck2,
  author =      {G. Ungerboeck},
  title =       {Trellis-Coded Modulation with Redundant Signals Sets. Part I: Introduction},
  journal =     {IEEE Commun. Mag.},
  volume =      {25},
  pages =       {5-11},
  year =        {1987},
  month =       {Fevereiro},
}

 @article{Ungerboeck3,
  author =      {G. Ungerboeck},
  title =       {Trellis-Coded Modulation with Redundant Signals Sets. Part II: State of  the Art},
  journal =     {IEEE Commun. Mag.},
  volume =      {25},
  pages =       {12-21},
  year =        {1987},
  month =       {Fevereiro},
}

@book{TCM1,
 author = {R. B. Wells},
 title = {Applied Coding and Information Theory for Engineers},
 year = {1999},
 isbn = {0-13-961327-7},
 publisher = {Prentice Hall},
 address = {New Jersey},
 }

@article{Viterbi,
  author =      {A. J. Viterbi},
  title =       {Error bounds for convolutional codes and an asymptotically optimum decoding algorithm},
  journal =     {IEEE Trans. Info. Theory},
  volume =      {13(2)},
  pages =       {260-269},
  year =        {1967},
}

@article{Viterbi_tempo_real,
  author =      {L. Hui-Ling},
  title =       {Implementing the Viterbi Algorithm: Fundamental and real-time issues for processor designers},
  journal =     {IEEE Signal Processing Magazine},
  year =        {1995},
   month =       {Setembro},
}


%------------------------------
%  Não Linearidades da Fibra
%------------------------------


@MASTERSTHESIS{Tannure,
  AUTHOR =       {Renato Tannure},
  TITLE =        {Efeitos da Interação Não Linear entre Sinal e Ruído em Sistemas Ópticos multiamplificados},
  SCHOOL =       {Universidade Federal do Espírito Santo},
  YEAR =         {2000},
  type =         {Dissertação Mestrado},
  address =      {Vitória, ES, Brasil},
  month =        {Janeiro},
}

@book{Agrawal,
 author = {Govind P. Agrawal},
 title = {Nonlinear Fiber Optics},
 year = {1995},
 isbn = {0-12-045142-5},
 publisher = {Academic Press},
 address = {San Diego, California},
 }

%%%
% Do JOCN 2011
@inproceedings{Zheng_ECOC,
author = {Zheng, X. and Tang, J. M.},
booktitle = {36th European Conference and Exhibition on Optical Communication},
month = sep,
pages = {1--3},
publisher = {IEEE},
title = {Phase modulation enabled relaxation of {DAC/ADC} requirements and optical {OFDM} performance improvement over SMF-based IMDD systems},
year = {2010}
}
@inproceedings{Johannes_OFC,
author = {{Johannes von Hoyningen-Huene} and {Jochen Leibrich} and {Abdulamir Ali} and {Werner Rosenkranz}},
booktitle = {Optical Fiber Communication Conference},
keywords = {Fiber optics communications, Phase modulation},
month = mar,
pages = {OWE3},
publisher = {Optical Society of America},
title = {Constant Envelope Optical {OFDM} for Improved Nonlinear and Phase Noise Tolerance - {OSA} Technical Digest ({CD})},
year = {2011}
}
@inproceedings{Ali_Optical_Bias,
author = {Ali, A. and Paul, H. and Leibrich, J. and Rosenkranz, W. and Kammeyer, K.-D.},
booktitle = {Optical Fiber Communication (OFC), collocated National Fiber Optic Engineers Conference, 2010 Conference on (OFC/NFOEC)},
pages = {1--3},
title = {Optical biasing in direct detection optical-{OFDM} for improving receiver sensitivity},
year = {2011}
}

@article{Abdalla,
author = {Abdalla, A. and Lima, M. and Teixeira, A.},
journal = {Electronics Letters},
number = {6},
title = {Reduced bandwidth transmitter and simple detection scheme for improved constant envelope {OFDM}},
volume = {47},
year = {2011}
}
@article{Fan,
author = {Fan, S.-H. and Yu, J. and Chang, G.-k.},
journal = {Journal of Optical Communications and Networking},
number = {9},
title = {Optical {OFDM} Scheme Using Uniform Power Transmission to Mitigate Peak-to-Average Power Effect Over 1040 km Single-Mode Fiber},
volume = {2},
year = {2010}
}
@article{Dong,
author = {Dong, Z. and Cao, Z. and Lu, J. and Li, Y. and Chen, L. and Wen, S.},
journal = {Optics Communications},
number = {286},
pages = {4194--4197},
title = {Transmission performance of optical {OFDM} signals with low peak-to-average power ratio by a phase modulator},
year = {2009}
}

@article{Chung,
author = {Chung, C.-D.},
journal = {IEEE Transactions on Communications},
number = {2},
title = {Spectral Precoding for Constant-Envelope {OFDM}},
volume = {58},
year = {2010}
}

@article{Fair,
author = {V. Pechenkin and I. J. Fair},
title = {Correlation Between Peak-to-Average Power Ratio and Four-Wave Mixing in Optical {OFDM} Sustems},
journal = {Journal of Optical Communications Networks},
number = {7},
volume = {1},
month =  {December},
year = {2009}
}

@article{Krongold,
author = {B. S. Krongold and Y. Tang and W. Shie},
title = {Fiber Nonlinearity Mitigation by {PAPR} Reduction in Coherent Optical {OFDM} Systems
          via Active Constellation Extension},
journal = {ECOC European Conference and Exhibition on Optical Communication},
month =  {September},
year = {2008}
}


%------------------------------------------
% PLC
%------------------------------------------


@book{Klaus_Dostert,
 author = {Klaus Dostert},
 title = {Powerline Communications},
 year = {2001},
 isbn = {3-7723-4423-2},
 publisher = {Prentice Hall, Inc.},
 address = {Freiburger, Germany},
 }

@article{Gotz_e_Dostert,
  author =      {M. G\"{o}tz and M. Rapp and K. Dostert},
  title =       {Power Line Channel Characteristics and Their Effect on Communication System Design},
  journal =     {IEEE Communications Magazine},
  year =        {2004},
  month =       {Abril},
}

@article{Jair_CBA,
  author =      {J. A. Silva and T. M. Siqueira and Dezan T. and Luciano F. França and Bruno N. Souzaa and Hércules G. Tostes and Macelo E. Vieira Segatto and Celso J. Munaro and Evandro O. T. Salles},
  title =       {Telemetria e Supervisão via Rede de Distribuição de Energia Elétrica de Baixa Tensão: Estudo de Caso},
  journal =     {CBA 2004 Congresso Brasileiro de Automática},
  year =        {2004},
  month =       {Outubro},
}

@article{Tadeu_e_Jair,
  author =      {T. L. Dezan and J. A. L. Silva and K. F. Côco and E. O. T. Salles and  M. E. V. Segatto},
  title =       {Comparação das Técnicas de Modulação Multiportadoras aplicadas às Comunicações via Rede Elétrica},
  journal =     {SBT 2004 Simpósio Brasileiro de Telecomunicações},
  year =        {2004},
  month =       {Setembro},
}

@article{Tengdin,
  author =      {J. Tengdin},
  title =       {Distribution Line Carrier Communications - an Historical Perspective},
  journal =     {IEEE Trans. Power Delivery},
  year =        {1998},
  pages =       {321-326},
}

@article{Pavlidou,
  author =      {N. Pavlidou and A. J. H. Vinck and J. Yazdani and B. Honary},
  title =       {Power Line Communications: State of the Art and Future Trends},
  journal =     {IEEE Communications Magazine},
  year =        {2003},
  month =       {Abril},
}

@PHDTHESIS{Ahola,
  AUTHOR =       {J. Ahola},
  TITLE =        {Applicability of Power-Line Communications to Data Transfer of On-Line Condition Monitoring of Electrical Drives},
  SCHOOL =       {Lappeenranta University of Technology},
  YEAR =         {2003},
  address =      {Acta Universitatis Lappeenrantaensis 157, Finland},
  month =        {Agosto},
}

@techreport{Relat_escelsa,
  TITLE        = "Tecnologia PLC: Estudo de caso",
  organization = "Escelsa",
  url          = "http://www.labtel.ele.ufes.br, Acesso em 08/08/2006",
  year         = "2002",
}

@techreport{Homeplug,
  TITLE        = {PowerLine Alliance},
  organization = {Homeplug PowerLine Alliance},
  url          = {http://www.homeplug.org, Acesso em 08/08/2006},
  year         = {2000},
}

@article{top_down_approach,
  author =      {H. Meng and S. Chen and Y. L. Guan and C. L. Law and P. L. So and E. Gunawan and T. T. Lie},
  title =       {A Transmission Line Model for High-Frequency Power Line Communication Channel},
  journal =     {IEEE},
  year =        {2002},
}

@article{Klaus_Zimmermann,
  author =      {Manfred Zimmerman and Klaus Dostert},
  title =       {A Multipath Model for PowerLine Channel},
  journal =     {IEEE},
  year =        {2002},
}

@article{Gotz_e_Dostert2,
  author =      {M. G\"{o}tz and K. Dostert},
  title =       {A Universal High Speed PowerLine Channel Emulation System},
  journal =     {IEEE},
  year =        {2002},
}

@article{Dai_Poor,
  author =      {Huaiyu Dai and H. Vincent Poor},
  title =       {Advanced Signal Processing for Power Line Communications},
  journal =     {IEEE Communication Magazine},
  year =        {2003},
  month =       {Maio},
}



@article{Alcatel,
  author =      {Tom Bostoen and Van del Wiel},
  title =       {Modelling the Low-Voltage Power Distribution Network in The Frequency Band From 0.5 MHz to 30 MHz for BroadBand Powerline Communications (PLC)},
  journal =     {IEEE},
  year =        {2000},
}

@book{Kraus,
 author = {John D. Kraus and Keith R. Carver},
 title = {Eletromagnestismo},
 year = {1973},
 isbn = {1978-543},
 publisher = {guanabara},
 address = {Rio de janeiro, Brasil},
 }

@book{Cheng,
 author = {David K. Cheng},
 title = {Field and Wave Electromagnetics},
 year = {1989},
 publisher = {Addison Wesley},
 }


 @article{Lan_Trafo,
  author =      {J. Abad and A. Badenes and J. Blasco and J. Carreras and V. Dominguez, C. Gomez
                 and S. Irano and J. C. Riveiro and L. M. Torres and J. Comabella},
  title =       {Extending the Power Line LAN Up to the Neighborhood Transformer},
  journal =     {IEEE Communication Magazine},
  year =        {2003},
  month =       {Abril},
  }

 @article{PHY_LAN,
  author =      {S. Baig and N. D. Gohar},
  title =       {A Discrete Multitone Transceiver at the Heart of the PHY Layer of an
                 In-Home Power Line Communication Local Area Network},
  journal =     {IEEE Communication Magazine},
  year =        {2003},
  month =       {Abril},
  }

  @article{Indoor,
  author =      {F. J. Ca\"{n}ete and J. A. Cartés and L. Díez and J. T. Entrambasaguas},
  title =       {Extending the Power Line LAN Up to the Neighborhood Transformer},
  journal =     {IEEE Communication Magazine},
  year =        {2003},
  month =       {Abril},
  }

  @article{Rose,
  author =      {B. Rose},
  title =       {Home Networks: A Standart Perspective},
  journal =     {IEEE Communication Magazine},
  year =        {2001},
  volume =       {39},
  pages =       {78-85},
  month =       {Dezembro},
  }

  @article{Ferreira_Gove,
  author =      {H. C. Ferreira and H. M. Grove and O. Hooijen and A. J. H. Vinck},
  title =       {Power Line Communications: an overview},
  journal =     {IEEE AFRICON $4^{th}$},
  year =        {1996},
  volume =       {2},
  pages =       {558-563},
  month =       {Setembro},
  }

  @techreport{ANEEL,
  title = {ANEEL},
  url          = {http://www.aneel.gov.br Acesso em 08/08/2006},
  year =        {2003},
  }


  @article{spread_spectrum,
  author =      {Marubayashi and S. Tachikawa},
  title =       {Spread Spectrum Transmission on Residential Power Line},
  journal =     {IEEE Conference on Spread-Spectrum Techniques},
  year =        {1996},
  pages =       {1082-1086},
  month =       {Janeiro},
  }

  @article{Ruidos_Zimmerman_Dostert,
  author =      {M. Zimmermann and K. Dostert},
  title =       {Analysis and Modeling of Impulsive Noise in Broadband Powerline Communications},
  journal =     {IEEE Transactions on Electromagnetic Compatibility},
  year =        {2002},
  volume =       {44},
  pages =       {249-258},
  month =       {Fevereiro},
  }


@techreport{plcforum,
  TITLE        = {PLCForum},
  organization = {PowerLine Comunications Forum},
  url          = {http://www.plcforum.org, Acesso em 08/08/2006},
  year         = {2000},
}


@techreport{isplc,
  TITLE        = {ISPLC},
  organization = {International Symposium on Power-Line
Communications},
  url          = {http://www.isplc.org, Acesso em 08/08/2006},
  year         = {2001},
}

@techreport{ebaplc,
  TITLE        = {EBAPLC},
  organization = { EBA Powerline Communications Group},
  url          = {http://www.ebaplc.com.br, Acesso em 08/08/2006},
  year         = {2000},
}


%David K. Cheng, Field and Wave Electromagnetics, 2ª Edição, Addison Wesley, 1989.
%------------------------------
% OFDM
%------------------------------



%------------------------------
% TCM
%------------------------------
